<record><leader>00000cas a22000007a 4500</leader><controlfield tag="001">11938110</controlfield><controlfield tag="008">850418d17961798vauir ne      0    0eng d</controlfield><datafield ind1=" " ind2=" " tag="010"><subfield code="a">sn 85025823 </subfield></datafield><datafield ind1=" " ind2=" " tag="040"><subfield code="a">NPX</subfield><subfield code="b">eng</subfield><subfield code="c">NPX</subfield><subfield code="d">NPU</subfield><subfield code="d">DLC</subfield><subfield code="d">MGN</subfield><subfield code="d">NVK</subfield><subfield code="d">OCL</subfield><subfield code="d">NVK</subfield><subfield code="d">OCLCG</subfield><subfield code="d">OCLCA</subfield><subfield code="d">OCLCF</subfield><subfield code="d">OCLCO</subfield></datafield><datafield ind1="1" ind2=" " tag="029"><subfield code="a">AU@</subfield><subfield code="b">000025824000</subfield></datafield><datafield ind1=" " ind2=" " tag="042"><subfield code="a">msc</subfield></datafield><datafield ind1="0" ind2="0" tag="050"><subfield code="a">Newspaper</subfield></datafield><datafield ind1="0" ind2=" " tag="130"><subfield code="a">Norfolk herald, &amp; public advertiser (Norfolk, Va. : 1796 : Triweekly)</subfield></datafield><datafield ind1="0" ind2="4" tag="245"><subfield code="a">The Norfolk herald, &amp; public advertiser.</subfield></datafield><datafield ind1="1" ind2="0" tag="246"><subfield code="a">Norfolk herald, and public advertiser</subfield></datafield><datafield ind1=" " ind2=" " tag="260"><subfield code="a">Norfolk [Va.] :</subfield><subfield code="b">Willett &amp; O'Connor,</subfield><subfield code="c">1796-1798.</subfield></datafield><datafield ind1=" " ind2=" " tag="300"><subfield code="a">v. :</subfield><subfield code="b">ill. ;</subfield><subfield code="c">52 cm.</subfield></datafield><datafield ind1=" " ind2=" " tag="310"><subfield code="a">Triweekly</subfield></datafield><datafield ind1="0" ind2=" " tag="362"><subfield code="a">Vol. 3, no. 185 (Nov. 3, 1796)-v. 4, no. 383 (Feb. 17, 1798).</subfield></datafield><datafield ind1=" " ind2=" " tag="500"><subfield code="a">Published every Monday, Thursday and Saturday.</subfield></datafield><datafield ind1=" " ind2=" " tag="530"><subfield code="a">Available on microfilm from Bell &amp; Howell, Micro Photo Div.</subfield></datafield><datafield ind1=" " ind2=" " tag="580"><subfield code="a">Weekly ed. published as: Norfolk weekly journal and country intelligencer. Cf. Brigham, C.S. Amer. Newspapers.</subfield></datafield><datafield ind1=" " ind2="0" tag="651"><subfield code="a">Norfolk (Va.)</subfield><subfield code="v">Newspapers.</subfield></datafield><datafield ind1=" " ind2="7" tag="655"><subfield code="a">Newspapers.</subfield><subfield code="2">fast</subfield><subfield code="0">(OCoLC)fst01423814</subfield></datafield><datafield ind1=" " ind2="7" tag="651"><subfield code="a">Virginia</subfield><subfield code="z">Norfolk.</subfield><subfield code="2">fast</subfield><subfield code="0">(OCoLC)fst01206844</subfield></datafield><datafield ind1="1" ind2=" " tag="700"><subfield code="a">Willett, Charles,</subfield><subfield code="d">-1807.</subfield></datafield><datafield ind1="1" ind2=" " tag="700"><subfield code="a">O'Connor, James,</subfield><subfield code="d">1759?-1819.</subfield></datafield><datafield ind1=" " ind2=" " tag="752"><subfield code="a">United States</subfield><subfield code="b">Virginia</subfield><subfield code="d">Norfolk.</subfield></datafield><datafield ind1="0" ind2="0" tag="780"><subfield code="t">Norfolk herald (Norfolk, Va. : 1795)</subfield><subfield code="w">(DLC)sn 85025822</subfield></datafield><datafield ind1="0" ind2="0" tag="785"><subfield code="t">Norfolk herald (Norfolk, Va. : 1798)</subfield><subfield code="w">(DLC)sn 85025829</subfield></datafield><datafield ind1="1" ind2=" " tag="787"><subfield code="t">Norfolk weekly journal and country intelligencer</subfield><subfield code="w">(DLC)sn 96096655</subfield></datafield></record>